@incollection{Bengio+chapter2007,
author = {Bengio, Yoshua and LeCun, Yann},
booktitle = {Large Scale Kernel Machines},
publisher = {MIT Press},
title = {Scaling Learning Algorithms Towards {AI}},
year = {2007}
}

@article{Hinton06,
author = {Hinton, Geoffrey E. and Osindero, Simon and Teh, Yee Whye},
journal = {Neural Computation},
pages = {1527--1554},
title = {A Fast Learning Algorithm for Deep Belief Nets},
volume = {18},
year = {2006}
}

@book{goodfellow2016deep,
title={Deep learning},
author={Goodfellow, Ian and Bengio, Yoshua and Courville, Aaron and Bengio, Yoshua},
volume={1},
year={2016},
publisher={MIT Press}
}

@inproceedings{barbiero2022entropy,
  title={Entropy-based logic explanations of neural networks},
  author={Barbiero, Pietro and Ciravegna, Gabriele and Giannini, Francesco and Li{\'o}, Pietro and Gori, Marco and Melacci, Stefano},
  booktitle={Proceedings of the AAAI Conference on Artificial Intelligence},
  volume={36},
  number={6},
  pages={6046--6054},
  year={2022}
}

@article{hinton2015distilling,
  title={Distilling the knowledge in a neural network},
  author={Hinton, Geoffrey and Vinyals, Oriol and Dean, Jeff and others},
  journal={arXiv preprint arXiv:1503.02531},
  volume={2},
  number={7},
  year={2015}
}

@inproceedings{geifman2019selectivenet,
  title={Selectivenet: A deep neural network with an integrated reject option},
  author={Geifman, Yonatan and El-Yaniv, Ran},
  booktitle={International conference on machine learning},
  pages={2151--2159},
  year={2019},
  organization={PMLR}
}

@inproceedings{koh2020concept,
  title={Concept bottleneck models},
  author={Koh, Pang Wei and Nguyen, Thao and Tang, Yew Siang and Mussmann, Stephen and Pierson, Emma and Kim, Been and Liang, Percy},
  booktitle={International Conference on Machine Learning},
  pages={5338--5348},
  year={2020},
  organization={PMLR}
}

@article{sagawa2019dro,
  title={Distributionally robust neural networks for group shifts: On the importance of regularization for worst-case generalization},
  author={Sagawa, Shiori and Koh, Pang Wei and Hashimoto, Tatsunori B and Liang, Percy},
  journal={arXiv preprint arXiv:1911.08731},
  year={2019}
}

@article{wah2011caltech,
  title={The caltech-ucsd birds-200-2011 dataset},
  author={Wah, Catherine and Branson, Steve and Welinder, Peter and Perona, Pietro and Belongie, Serge},
  year={2011},
  publisher={California Institute of Technology}
}

@inproceedings{yu2022anatomy,
  title={Anatomy-guided weakly-supervised abnormality localization in chest x-rays},
  author={Yu, Ke and Ghosh, Shantanu and Liu, Zhexiong and Deible, Christopher and Batmanghelich, Kayhan},
  booktitle={Medical Image Computing and Computer Assisted Intervention--MICCAI 2022: 25th International Conference, Singapore, September 18--22, 2022, Proceedings, Part V},
  pages={658--668},
  year={2022},
  organization={Springer}
}

@incollection{kindermans2019reliability,
  title={The (un) reliability of saliency methods},
  author={Kindermans, Pieter-Jan and Hooker, Sara and Adebayo, Julius and Alber, Maximilian and Sch{\"u}tt, Kristof T and D{\"a}hne, Sven and Erhan, Dumitru and Kim, Been},
  booktitle={Explainable AI: Interpreting, Explaining and Visualizing Deep Learning},
  pages={267--280},
  year={2019},
  publisher={Springer}
}

@inproceedings{SHAP,
  title={A unified approach to interpreting model predictions},
  author={Lundberg, Scott M and Lee, Su-In},
  booktitle={Proceedings of the 31st international conference on neural information processing systems},
  pages={4768--4777},
  year={2017}
}

@inproceedings{L2X,
  title={Learning to explain: An information-theoretic perspective on model interpretation},
  author={Chen, Jianbo and Song, Le and Wainwright, Martin and Jordan, Michael},
  booktitle={International Conference on Machine Learning},
  pages={883--892},
  year={2018},
  organization={PMLR}
}


@inproceedings{szegedy2015going,
  title={Going deeper with convolutions},
  author={Szegedy, Christian and Liu, Wei and Jia, Yangqing and Sermanet, Pierre and Reed, Scott and Anguelov, Dragomir and Erhan, Dumitru and Vanhoucke, Vincent and Rabinovich, Andrew},
  booktitle={Proceedings of the IEEE conference on computer vision and pattern recognition},
  pages={1--9},
  year={2015}
}

@article{kim2017interpretability,
  title={Interpretability Beyond Feature Attribution: Quantitative Testing with Concept Activation Vectors (TCAV).(2017)},
  author={Kim, Been and Wattenberg, Martin and Gilmer, Justin and Cai, Carrie and Wexler, James and Viegas, Fernanda and Sayres, Rory},
  journal={arXiv preprint arXiv:1711.11279},
  year={2017}
}

@article{tschandl2018ham10000,
  title={The HAM10000 dataset, a large collection of multi-source dermatoscopic images of common pigmented skin lesions},
  author={Tschandl, Philipp and Rosendahl, Cliff and Kittler, Harald},
  journal={Scientific data},
  volume={5},
  number={1},
  pages={1--9},
  year={2018},
  publisher={Nature Publishing Group}
}
@article{wang2021feature,
  title={Feature fusion vision transformer for fine-grained visual categorization},
  author={Wang, Jun and Yu, Xiaohan and Gao, Yongsheng},
  journal={arXiv preprint arXiv:2107.02341},
  year={2021}
}

@inproceedings{he2016deep,
  title={Deep residual learning for image recognition},
  author={He, Kaiming and Zhang, Xiangyu and Ren, Shaoqing and Sun, Jian},
  booktitle={Proceedings of the IEEE conference on computer vision and pattern recognition},
  pages={770--778},
  year={2016}
}

@article{daneshjou2021disparities,
  title={Disparities in dermatology ai: Assessments using diverse clinical images},
  author={Daneshjou, Roxana and Vodrahalli, Kailas and Liang, Weixin and Novoa, Roberto A and Jenkins, Melissa and Rotemberg, Veronica and Ko, Justin and Swetter, Susan M and Bailey, Elizabeth E and Gevaert, Olivier and others},
  journal={arXiv preprint arXiv:2111.08006},
  year={2021}
}

@inproceedings{lucieri2020interpretability,
  title={On interpretability of deep learning based skin lesion classifiers using concept activation vectors},
  author={Lucieri, Adriano and Bajwa, Muhammad Naseer and Braun, Stephan Alexander and Malik, Muhammad Imran and Dengel, Andreas and Ahmed, Sheraz},
  booktitle={2020 international joint conference on neural networks (IJCNN)},
  pages={1--10},
  year={2020},
  organization={IEEE}
}

@article{kawahara2018seven,
  title={Seven-point checklist and skin lesion classification using multitask multimodal neural nets},
  author={Kawahara, Jeremy and Daneshvar, Sara and Argenziano, Giuseppe and Hamarneh, Ghassan},
  journal={IEEE journal of biomedical and health informatics},
  volume={23},
  number={2},
  pages={538--546},
  year={2018},
  publisher={IEEE}
}

@article{10_jain2021radgraph,
  title={RadGraph: Extracting Clinical Entities and Relations from Radiology Reports},
  author={Jain, Saahil and Agrawal, Ashwin and Saporta, Adriel and Truong, Steven QH and Duong, Du Nguyen and Bui, Tan and Chambon, Pierre and Zhang, Yuhao and Lungren, Matthew P and Ng, Andrew Y and others},
  journal={arXiv preprint arXiv:2106.14463},
  year={2021}
}

@article{12_johnsonmimic,
  title={MIMIC-CXR-JPG-chest radiographs with structured labels},
  author={Johnson, Alistair and Lungren, Matt and Peng, Yifan and Lu, Zhiyong and Mark, Roger and Berkowitz, Seth and Horng, Steven}
}

@inproceedings{23_wadden-etal-2019-entity,
    title = "Entity, Relation, and Event Extraction with Contextualized Span Representations",
    author = "Wadden, David  and
      Wennberg, Ulme  and
      Luan, Yi  and
      Hajishirzi, Hannaneh",
    booktitle = "Proceedings of the 2019 Conference on Empirical Methods in Natural Language Processing and the 9th International Joint Conference on Natural Language Processing (EMNLP-IJCNLP)",
    month = nov,
    year = "2019",
    address = "Hong Kong, China",
    publisher = "Association for Computational Linguistics",
    url = "https://aclanthology.org/D19-1585",
    doi = "10.18653/v1/D19-1585",
    pages = "5784--5789",
    abstract = "We examine the capabilities of a unified, multi-task framework for three information extraction tasks: named entity recognition, relation extraction, and event extraction. Our framework (called DyGIE++) accomplishes all tasks by enumerating, refining, and scoring text spans designed to capture local (within-sentence) and global (cross-sentence) context. Our framework achieves state-of-the-art results across all tasks, on four datasets from a variety of domains. We perform experiments comparing different techniques to construct span representations. Contextualized embeddings like BERT perform well at capturing relationships among entities in the same or adjacent sentences, while dynamic span graph updates model long-range cross-sentence relationships. For instance, propagating span representations via predicted coreference links can enable the model to disambiguate challenging entity mentions. Our code is publicly available at https://github.com/dwadden/dygiepp and can be easily adapted for new tasks or datasets.",
}

@article{zhou2017places,
  title={Places: A 10 million image database for scene recognition},
  author={Zhou, Bolei and Lapedriza, Agata and Khosla, Aditya and Oliva, Aude and Torralba, Antonio},
  journal={IEEE transactions on pattern analysis and machine intelligence},
  volume={40},
  number={6},
  pages={1452--1464},
  year={2017},
  publisher={IEEE}
}

@inproceedings{huang2017densely,
  title={Densely connected convolutional networks},
  author={Huang, Gao and Liu, Zhuang and Van Der Maaten, Laurens and Weinberger, Kilian Q},
  booktitle={Proceedings of the IEEE conference on computer vision and pattern recognition},
  pages={4700--4708},
  year={2017}
}

@inproceedings{lu2021metadata,
  title={Metadata normalization},
  author={Lu, Mandy and Zhao, Qingyu and Zhang, Jiequan and Pohl, Kilian M and Fei-Fei, Li and Niebles, Juan Carlos and Adeli, Ehsan},
  booktitle={Proceedings of the IEEE/CVF Conference on Computer Vision and Pattern Recognition},
  pages={10917--10927},
  year={2021}
}

@article{chen2019looks,
  title={This looks like that: deep learning for interpretable image recognition},
  author={Chen, Chaofan and Li, Oscar and Tao, Daniel and Barnett, Alina and Rudin, Cynthia and Su, Jonathan K},
  journal={Advances in neural information processing systems},
  volume={32},
  year={2019}
}

@article{simonyan2013deep,
  title={Deep inside convolutional networks: Visualising image classification models and saliency maps},
  author={Simonyan, Karen and Vedaldi, Andrea and Zisserman, Andrew},
  journal={arXiv preprint arXiv:1312.6034},
  year={2013}
}

@article{singla2019explanation,
  title={Explanation by progressive exaggeration},
  author={Singla, Sumedha and Pollack, Brian and Chen, Junxiang and Batmanghelich, Kayhan},
  journal={arXiv preprint arXiv:1911.00483},
  year={2019}
}

@inproceedings{alharbi2021learning,
  title={Learning Interpretation with Explainable Knowledge Distillation},
  author={Alharbi, Raed and Vu, Minh N and Thai, My T},
  booktitle={2021 IEEE International Conference on Big Data (Big Data)},
  pages={705--714},
  year={2021},
  organization={IEEE}
}

@article{linardatos2020explainable,
  title={Explainable ai: A review of machine learning interpretability methods},
  author={Linardatos, Pantelis and Papastefanopoulos, Vasilis and Kotsiantis, Sotiris},
  journal={Entropy},
  volume={23},
  number={1},
  pages={18},
  year={2020},
  publisher={MDPI}
}

@inproceedings{cheng2020explaining,
  title={Explaining knowledge distillation by quantifying the knowledge},
  author={Cheng, Xu and Rao, Zhefan and Chen, Yilan and Zhang, Quanshi},
  booktitle={Proceedings of the IEEE/CVF conference on computer vision and pattern recognition},
  pages={12925--12935},
  year={2020}
}

@article{frosst2017distilling,
  title={Distilling a neural network into a soft decision tree},
  author={Frosst, Nicholas and Hinton, Geoffrey},
  journal={arXiv preprint arXiv:1711.09784},
  year={2017}
}

@article{abid2021meaningfully,
  title={Meaningfully explaining model mistakes using conceptual counterfactuals},
  author={Abid, Abubakar and Yuksekgonul, Mert and Zou, James},
  journal={arXiv preprint arXiv:2106.12723},
  year={2021}
}

@article{adebayo2018sanity,
  title={Sanity checks for saliency maps},
  author={Adebayo, Julius and Gilmer, Justin and Muelly, Michael and Goodfellow, Ian and Hardt, Moritz and Kim, Been},
  journal={Advances in neural information processing systems},
  volume={31},
  year={2018}
}

@article{samek2016evaluating,
  title={Evaluating the visualization of what a deep neural network has learned},
  author={Samek, Wojciech and Binder, Alexander and Montavon, Gr{\'e}goire and Lapuschkin, Sebastian and M{\"u}ller, Klaus-Robert},
  journal={IEEE transactions on neural networks and learning systems},
  volume={28},
  number={11},
  pages={2660--2673},
  year={2016},
  publisher={IEEE}
}

@article{montavon2018methods,
  title={Methods for interpreting and understanding deep neural networks},
  author={Montavon, Gr{\'e}goire and Samek, Wojciech and M{\"u}ller, Klaus-Robert},
  journal={Digital signal processing},
  volume={73},
  pages={1--15},
  year={2018},
  publisher={Elsevier}
}

@article{shrikumar2016not,
  title={Not just a black box: Learning important features through propagating activation differences},
  author={Shrikumar, Avanti and Greenside, Peyton and Shcherbina, Anna and Kundaje, Anshul},
  journal={arXiv preprint arXiv:1605.01713},
  year={2016}
}
@article{smilkov2017smoothgrad,
  title={Smoothgrad: removing noise by adding noise},
  author={Smilkov, Daniel and Thorat, Nikhil and Kim, Been and Vi{\'e}gas, Fernanda and Wattenberg, Martin},
  journal={arXiv preprint arXiv:1706.03825},
  year={2017}
}

@inproceedings{selvaraju2017grad,
  title={Grad-cam: Visual explanations from deep networks via gradient-based localization},
  author={Selvaraju, Ramprasaath R and Cogswell, Michael and Das, Abhishek and Vedantam, Ramakrishna and Parikh, Devi and Batra, Dhruv},
  booktitle={Proceedings of the IEEE international conference on computer vision},
  pages={618--626},
  year={2017}
}

@article{rudin2019stop,
  title={Stop explaining black box machine learning models for high stakes decisions and use interpretable models instead},
  author={Rudin, Cynthia},
  journal={Nature Machine Intelligence},
  volume={1},
  number={5},
  pages={206--215},
  year={2019},
  publisher={Nature Publishing Group}
}

@article{sarkar2021inducing,
  title={Inducing Semantic Grouping of Latent Concepts for Explanations: An Ante-Hoc Approach},
  author={Sarkar, Anirban and Vijaykeerthy, Deepak and Sarkar, Anindya and Balasubramanian, Vineeth N},
  journal={arXiv preprint arXiv:2108.11761},
  year={2021}
}

@article{hastie1987generalized,
  title={Generalized additive models: some applications},
  author={Hastie, Trevor and Tibshirani, Robert},
  journal={Journal of the American Statistical Association},
  volume={82},
  number={398},
  pages={371--386},
  year={1987},
  publisher={Taylor \& Francis}
}

@article{letham2015interpretable,
  title={Interpretable classifiers using rules and bayesian analysis: Building a better stroke prediction model},
  author={Letham, Benjamin and Rudin, Cynthia and McCormick, Tyler H and Madigan, David},
  journal={The Annals of Applied Statistics},
  volume={9},
  number={3},
  pages={1350--1371},
  year={2015},
  publisher={Institute of Mathematical Statistics}
}

@article{breiman1984classification,
  title={Classification and Regression Trees (CRC, Boca Raton, FL)},
  author={Breiman, L and Friedman, J and Stone, CJ and Olshen, RA},
  year={1984}
}

@inproceedings{wan2022explainability,
  title={Explainability's Gain is Optimality's Loss? How Explanations Bias Decision-making},
  author={Wan, Charles and Belo, Rodrigo and Zejnilovic, Leid},
  booktitle={Proceedings of the 2022 AAAI/ACM Conference on AI, Ethics, and Society},
  pages={778--787},
  year={2022}
}

@inproceedings{pillai2022consistent,
  title={Consistent Explanations by Contrastive Learning},
  author={Pillai, Vipin and Koohpayegani, Soroush Abbasi and Ouligian, Ashley and Fong, Dennis and Pirsiavash, Hamed},
  booktitle={Proceedings of the IEEE/CVF Conference on Computer Vision and Pattern Recognition},
  pages={10213--10222},
  year={2022}
}

@article{xian2018zero,
  title={Zero-shot learning—a comprehensive evaluation of the good, the bad and the ugly},
  author={Xian, Yongqin and Lampert, Christoph H and Schiele, Bernt and Akata, Zeynep},
  journal={IEEE transactions on pattern analysis and machine intelligence},
  volume={41},
  number={9},
  pages={2251--2265},
  year={2018},
  publisher={IEEE}
}

@article{yuksekgonul2022post,
  title={Post-hoc Concept Bottleneck Models},
  author={Yuksekgonul, Mert and Wang, Maggie and Zou, James},
  journal={arXiv preprint arXiv:2205.15480},
  year={2022}
}

@article{ciravegna2021logic,
  title={Logic explained networks},
  author={Ciravegna, Gabriele and Barbiero, Pietro and Giannini, Francesco and Gori, Marco and Li{\'o}, Pietro and Maggini, Marco and Melacci, Stefano},
  journal={arXiv preprint arXiv:2108.05149},
  year={2021}
}

@inproceedings{ribeiro2016should,
  title={" Why should i trust you?" Explaining the predictions of any classifier},
  author={Ribeiro, Marco Tulio and Singh, Sameer and Guestrin, Carlos},
  booktitle={Proceedings of the 22nd ACM SIGKDD international conference on knowledge discovery and data mining},
  pages={1135--1144},
  year={2016}
}

@article{mao2019neuro,
  title={The neuro-symbolic concept learner: Interpreting scenes, words, and sentences from natural supervision},
  author={Mao, Jiayuan and Gan, Chuang and Kohli, Pushmeet and Tenenbaum, Joshua B and Wu, Jiajun},
  journal={arXiv preprint arXiv:1904.12584},
  year={2019}
}

@article{yeh2019concept,
  title={On concept-based explanations in deep neural networks},
  author={Yeh, Chih-Kuan and Kim, Been and Arik, Sercan and Li, Chun-Liang and Ravikumar, Pradeep and Pfister, Tomas},
  year={2019}
}

@article{rotemberg2021patient,
  title={A patient-centric dataset of images and metadata for identifying melanomas using clinical context},
  author={Rotemberg, Veronica and Kurtansky, Nicholas and Betz-Stablein, Brigid and Caffery, Liam and Chousakos, Emmanouil and Codella, Noel and Combalia, Marc and Dusza, Stephen and Guitera, Pascale and Gutman, David and others},
  journal={Scientific data},
  volume={8},
  number={1},
  pages={1--8},
  year={2021},
  publisher={Nature Publishing Group}
}

@article{zarlenga2022concept,
  title={Concept embedding models},
  author={Zarlenga, Mateo Espinosa and Barbiero, Pietro and Ciravegna, Gabriele and Marra, Giuseppe and Giannini, Francesco and Diligenti, Michelangelo and Shams, Zohreh and Precioso, Frederic and Melacci, Stefano and Weller, Adrian and others},
  journal={arXiv preprint arXiv:2209.09056},
  year={2022}
}

@inproceedings{lu2019look,
  title={Look-up and Adapt: A One-shot Semantic Parser},
  author={Lu, Zhichu and Arabshahi, Forough and Labutov, Igor and Mitchell, Tom},
  booktitle={Proceedings of the 2019 Conference on Empirical Methods in Natural Language Processing and the 9th International Joint Conference on Natural Language Processing (EMNLP-IJCNLP)},
  pages={1129--1139},
  year={2019}
}
@article{arabshahi2018combining,
  title={Combining Symbolic Expressions and Black-box Function Evaluations in Neural Programs},
  author={Arabshahi, Forough and Singh, Sameer and Anandkumar, Animashree},
  booktitle={International Conference on Learing Representations (ICLR)},
  year={2018}
}
@article{lample2019deep,
  title={Deep learning for symbolic mathematics},
  author={Lample, Guillaume and Charton, Fran{\c{c}}ois},
  journal={arXiv preprint arXiv:1912.01412},
  year={2019}
}
@article{huang2018neural,
  title={A Neural-Symbolic Approach to Natural Language Tasks},
  author={Huang, Qiuyuan and Smolensky, Paul and He, Xiaodong and Deng, Li and Wu, Dapeng},
  year={2018}
}
@inproceedings{corgi,
  title={Conversational Neuro-Symbolic Commonsense Reasoning},
  author={Arabshahi, Forough and Lee, Jennifer and Gawarecki, Mikayla and Mazaitis, Kathryn and Azaria, Amos and Mitchell, Tom},
  booktitle={Proceedings of the AAAI Conference on Artificial Intelligence},
  year={2021}
}
@inproceedings{arabshahi2021conversational,
    title = "Conversational Multi-Hop Reasoning with Neural Commonsense Knowledge and Symbolic Logic Rules",
    author = "Arabshahi, Forough  and
      Lee, Jennifer  and
      Bosselut, Antoine  and
      Choi, Yejin  and
      Mitchell, Tom",
    booktitle = "Proceedings of the 2021 Conference on Empirical Methods in Natural Language Processing",
    month = nov,
    year = "2021",
    address = "Online and Punta Cana, Dominican Republic",
    publisher = "Association for Computational Linguistics",
    doi = "10.18653/v1/2021.emnlp-main.588",
    pages = "7404--7418",
}

@inproceedings{lampert2009learning,
  title={Learning to detect unseen object classes by between-class attribute transfer},
  author={Lampert, Christoph H and Nickisch, Hannes and Harmeling, Stefan},
  booktitle={2009 IEEE conference on computer vision and pattern recognition},
  pages={951--958},
  year={2009},
  organization={IEEE}
}

@inproceedings{kumar2009attribute,
  title={Attribute and simile classifiers for face verification},
  author={Kumar, Neeraj and Berg, Alexander C and Belhumeur, Peter N and Nayar, Shree K},
  booktitle={2009 IEEE 12th international conference on computer vision},
  pages={365--372},
  year={2009},
  organization={IEEE}
}

@article{mahinpei2021promises,
  title={Promises and pitfalls of black-box concept learning models},
  author={Mahinpei, Anita and Clark, Justin and Lage, Isaac and Doshi-Velez, Finale and Pan, Weiwei},
  journal={arXiv preprint arXiv:2106.13314},
  year={2021}
}

@article{margeloiu2021concept,
  title={Do concept bottleneck models learn as intended?},
  author={Margeloiu, Andrei and Ashman, Matthew and Bhatt, Umang and Chen, Yanzhi and Jamnik, Mateja and Weller, Adrian},
  journal={arXiv preprint arXiv:2105.04289},
  year={2021}
}

@article{chen2020concept,
  title={Concept whitening for interpretable image recognition},
  author={Chen, Zhi and Bei, Yijie and Rudin, Cynthia},
  journal={Nature Machine Intelligence},
  volume={2},
  number={12},
  pages={772--782},
  year={2020},
  publisher={Nature Publishing Group}
}

@inproceedings{belle2020symbolic,
  title={Symbolic logic meets machine learning: A brief survey in infinite domains},
  author={Belle, Vaishak},
  booktitle={International Conference on Scalable Uncertainty Management},
  pages={3--16},
  year={2020},
  organization={Springer}
}

@article{besold2017neural,
  title={Neural-symbolic learning and reasoning: A survey and interpretation},
  author={Besold, Tarek R and Garcez, Artur d'Avila and Bader, Sebastian and Bowman, Howard and Domingos, Pedro and Hitzler, Pascal and K{\"u}hnberger, Kai-Uwe and Lamb, Luis C and Lowd, Daniel and Lima, Priscila Machado Vieira and others},
  journal={arXiv preprint arXiv:1711.03902},
  year={2017}
} 
  
@inproceedings{garcez2015neural,
  title={Neural-symbolic learning and reasoning: contributions and challenges},
  author={Garcez, Artur d'Avila and Besold, Tarek R and De Raedt, Luc and F{\"o}ldiak, Peter and Hitzler, Pascal and Icard, Thomas and K{\"u}hnberger, Kai-Uwe and Lamb, Luis C and Miikkulainen, Risto and Silver, Daniel L},
  booktitle={2015 AAAI Spring Symposium Series},
  year={2015}
}

@book{mendelson2009introduction,
  title={Introduction to mathematical logic},
  author={Mendelson, Elliott},
  year={2009},
  publisher={Chapman and Hall/CRC}
}

@article{geirhos2020shortcut,
  title={Shortcut learning in deep neural networks},
  author={Geirhos, Robert and Jacobsen, J{\"o}rn-Henrik and Michaelis, Claudio and Zemel, Richard and Brendel, Wieland and Bethge, Matthias and Wichmann, Felix A},
  journal={Nature Machine Intelligence},
  volume={2},
  number={11},
  pages={665--673},
  year={2020},
  publisher={Nature Publishing Group}
}

@inproceedings{agarwal2022estimating,
  title={Estimating example difficulty using variance of gradients},
  author={Agarwal, Chirag and D'souza, Daniel and Hooker, Sara},
  booktitle={Proceedings of the IEEE/CVF Conference on Computer Vision and Pattern Recognition},
  pages={10368--10378},
  year={2022}
}
@article{hooker2019compressed,
  title={What do compressed deep neural networks forget?},
  author={Hooker, Sara and Courville, Aaron and Clark, Gregory and Dauphin, Yann and Frome, Andrea},
  journal={arXiv preprint arXiv:1911.05248},
  year={2019}
}

@inproceedings{lalor2018understanding,
  title={Understanding deep learning performance through an examination of test set difficulty: A psychometric case study},
  author={Lalor, John P and Wu, Hao and Munkhdalai, Tsendsuren and Yu, Hong},
  booktitle={Proceedings of the Conference on Empirical Methods in Natural Language Processing. Conference on Empirical Methods in Natural Language Processing},
  volume={2018},
  pages={4711},
  year={2018},
  organization={NIH Public Access}
}

@article{rabanser2022selective,
  title={Selective Classification Via Neural Network Training Dynamics},
  author={Rabanser, Stephan and Thudi, Anvith and Hamidieh, Kimia and Dziedzic, Adam and Papernot, Nicolas},
  journal={arXiv preprint arXiv:2205.13532},
  year={2022}
}

@article{feng2021phases,
  title={Phases of learning dynamics in artificial neural networks in the absence or presence of mislabeled data},
  author={Feng, Yu and Tu, Yuhai},
  journal={Machine Learning: Science and Technology},
  volume={2},
  number={4},
  pages={043001},
  year={2021},
  publisher={IOP Publishing}
}

@article{hu2020surprising,
  title={The surprising simplicity of the early-time learning dynamics of neural networks},
  author={Hu, Wei and Xiao, Lechao and Adlam, Ben and Pennington, Jeffrey},
  journal={Advances in Neural Information Processing Systems},
  volume={33},
  pages={17116--17128},
  year={2020}
}

@article{bordt2022post,
  title={Post-hoc explanations fail to achieve their purpose in adversarial contexts},
  author={Bordt, Sebastian and Finck, Mich{\`e}le and Raidl, Eric and von Luxburg, Ulrike},
  journal={arXiv preprint arXiv:2201.10295},
  year={2022}
}

@inproceedings{sundararajan2017axiomatic,
  title={Axiomatic attribution for deep networks},
  author={Sundararajan, Mukund and Taly, Ankur and Yan, Qiqi},
  booktitle={International conference on machine learning},
  pages={3319--3328},
  year={2017},
  organization={PMLR}
}

@article{yoon2019rl,
  title={RL-LIM: Reinforcement learning-based Locally interpretable modeling},
  author={Yoon, Jinsung and Arik, Sercan O and Pfister, Tomas},
  journal={arXiv preprint arXiv:1909.12367},
  year={2019}
}

@inproceedings{binder2016layer,
  title={Layer-wise relevance propagation for neural networks with local renormalization layers},
  author={Binder, Alexander and Montavon, Gr{\'e}goire and Lapuschkin, Sebastian and M{\"u}ller, Klaus-Robert and Samek, Wojciech},
  booktitle={International Conference on Artificial Neural Networks},
  pages={63--71},
  year={2016},
  organization={Springer}
}

@inproceedings{rosenzweig2021patch,
  title={Patch Shortcuts: Interpretable Proxy Models Efficiently Find Black-Box Vulnerabilities},
  author={Rosenzweig, Julia and Sicking, Joachim and Houben, Sebastian and Mock, Michael and Akila, Maram},
  booktitle={Proceedings of the IEEE/CVF Conference on Computer Vision and Pattern Recognition},
  pages={56--65},
  year={2021}
}

@misc{ghosh2023route,
      title={Dividing and Conquering a BlackBox to a Mixture of Interpretable Models: Route, Interpret, Repeat}, 
      author={Shantanu Ghosh and Ke Yu and Forough Arabshahi and Kayhan Batmanghelich},
      year={2023},
      eprint={2302.10289},
      archivePrefix={arXiv},
      primaryClass={cs.LG}
}

@inproceedings{lee2013pseudo,
  title={Pseudo-label: The simple and efficient semi-supervised learning method for deep neural networks},
  author={Lee, Dong-Hyun and others},
  booktitle={Workshop on challenges in representation learning, ICML},
  volume={3},
  number={2},
  pages={896},
  year={2013}
}

@inproceedings{irvin2019chexpert,
  title={Chexpert: A large chest radiograph dataset with uncertainty labels and expert comparison},
  author={Irvin, Jeremy and Rajpurkar, Pranav and Ko, Michael and Yu, Yifan and Ciurea-Ilcus, Silviana and Chute, Chris and Marklund, Henrik and Haghgoo, Behzad and Ball, Robyn and Shpanskaya, Katie and others},
  booktitle={Proceedings of the AAAI conference on artificial intelligence},
  volume={33},
  number={01},
  pages={590--597},
  year={2019}
}

@article{guan2021domain,
  title={Domain adaptation for medical image analysis: a survey},
  author={Guan, Hao and Liu, Mingxia},
  journal={IEEE Transactions on Biomedical Engineering},
  volume={69},
  number={3},
  pages={1173--1185},
  year={2021},
  publisher={IEEE}
}

@inproceedings{gholami2019novel,
  title={A novel domain adaptation framework for medical image segmentation},
  author={Gholami, Amir and Subramanian, Shashank and Shenoy, Varun and Himthani, Naveen and Yue, Xiangyu and Zhao, Sicheng and Jin, Peter and Biros, George and Keutzer, Kurt},
  booktitle={Brainlesion: Glioma, Multiple Sclerosis, Stroke and Traumatic Brain Injuries: 4th International Workshop, BrainLes 2018, Held in Conjunction with MICCAI 2018, Granada, Spain, September 16, 2018, Revised Selected Papers, Part II 4},
  pages={289--298},
  year={2019},
  organization={Springer}
}

@article{yosinski2014transferable,
  title={How transferable are features in deep neural networks?},
  author={Yosinski, Jason and Clune, Jeff and Bengio, Yoshua and Lipson, Hod},
  journal={Advances in neural information processing systems},
  volume={27},
  year={2014}
}

@article{zhuang2020comprehensive,
  title={A comprehensive survey on transfer learning},
  author={Zhuang, Fuzhen and Qi, Zhiyuan and Duan, Keyu and Xi, Dongbo and Zhu, Yongchun and Zhu, Hengshu and Xiong, Hui and He, Qing},
  journal={Proceedings of the IEEE},
  volume={109},
  number={1},
  pages={43--76},
  year={2020},
  publisher={IEEE}
}

@inproceedings{kumar2017cross,
  title={Cross-database mammographic image analysis through unsupervised domain adaptation},
  author={Kumar, Deepak and Kumar, Chetan and Shao, Ming},
  booktitle={2017 IEEE international conference on big data (Big Data)},
  pages={4035--4042},
  year={2017},
  organization={IEEE}
}

@inproceedings{wang2017balanced,
  title={Balanced distribution adaptation for transfer learning},
  author={Wang, Jindong and Chen, Yiqiang and Hao, Shuji and Feng, Wenjie and Shen, Zhiqi},
  booktitle={2017 IEEE international conference on data mining (ICDM)},
  pages={1129--1134},
  year={2017},
  organization={IEEE}
}

@inproceedings{kaur2019improving,
  title={Improving pathological structure segmentation via transfer learning across diseases},
  author={Kaur, Barleen and Lema{\^\i}tre, Paul and Mehta, Raghav and Sepahvand, Nazanin Mohammadi and Precup, Doina and Arnold, Douglas and Arbel, Tal},
  booktitle={Domain Adaptation and Representation Transfer and Medical Image Learning with Less Labels and Imperfect Data: First MICCAI Workshop, DART 2019, and First International Workshop, MIL3ID 2019, Shenzhen, Held in Conjunction with MICCAI 2019, Shenzhen, China, October 13 and 17, 2019, Proceedings 1},
  pages={90--98},
  year={2019},
  organization={Springer}
}

@article{swati2019brain,
  title={Brain tumor classification for MR images using transfer learning and fine-tuning},
  author={Swati, Zar Nawab Khan and Zhao, Qinghua and Kabir, Muhammad and Ali, Farman and Ali, Zakir and Ahmed, Saeed and Lu, Jianfeng},
  journal={Computerized Medical Imaging and Graphics},
  volume={75},
  pages={34--46},
  year={2019},
  publisher={Elsevier}
}

@inproceedings{zhang2019unsupervised,
  title={Unsupervised conditional consensus adversarial network for brain disease identification with structural MRI},
  author={Zhang, Jing and Liu, Mingxia and Pan, Yongsheng and Shen, Dinggang},
  booktitle={Machine Learning in Medical Imaging: 10th International Workshop, MLMI 2019, Held in Conjunction with MICCAI 2019, Shenzhen, China, October 13, 2019, Proceedings 10},
  pages={391--399},
  year={2019},
  organization={Springer}
}

@inproceedings{karani2018lifelong,
  title={A lifelong learning approach to brain MR segmentation across scanners and protocols},
  author={Karani, Neerav and Chaitanya, Krishna and Baumgartner, Christian and Konukoglu, Ender},
  booktitle={Medical Image Computing and Computer Assisted Intervention--MICCAI 2018: 21st International Conference, Granada, Spain, September 16-20, 2018, Proceedings, Part I},
  pages={476--484},
  year={2018},
  organization={Springer}
}

@inproceedings{guan2020attention,
  title={Attention-guided deep domain adaptation for brain dementia identification with multi-site neuroimaging data},
  author={Guan, Hao and Yang, Erkun and Yap, Pew-Thian and Shen, Dinggang and Liu, Mingxia},
  booktitle={Domain Adaptation and Representation Transfer, and Distributed and Collaborative Learning: Second MICCAI Workshop, DART 2020, and First MICCAI Workshop, DCL 2020, Held in Conjunction with MICCAI 2020, Lima, Peru, October 4--8, 2020, Proceedings},
  pages={31--40},
  year={2020},
  organization={Springer}
}

@article{gao2019decoding,
  title={Decoding brain states from fMRI signals by using unsupervised domain adaptation},
  author={Gao, Yufei and Zhang, Yameng and Cao, Zhiyuan and Guo, Xiaojuan and Zhang, Jiacai},
  journal={IEEE Journal of Biomedical and Health Informatics},
  volume={24},
  number={6},
  pages={1677--1685},
  year={2019},
  publisher={IEEE}
}

@article{yan2020mri,
  title={MRI manufacturer shift and adaptation: increasing the generalizability of deep learning segmentation for MR images acquired with different scanners},
  author={Yan, Wenjun and Huang, Lu and Xia, Liming and Gu, Shengjia and Yan, Fuhua and Wang, Yuanyuan and Tao, Qian},
  journal={Radiology: Artificial Intelligence},
  volume={2},
  number={4},
  pages={e190195},
  year={2020},
  publisher={Radiological Society of North America}
}

@inproceedings{chu2016best,
  title={Best practices for fine-tuning visual classifiers to new domains},
  author={Chu, Brian and Madhavan, Vashisht and Beijbom, Oscar and Hoffman, Judy and Darrell, Trevor},
  booktitle={Computer Vision--ECCV 2016 Workshops: Amsterdam, The Netherlands, October 8-10 and 15-16, 2016, Proceedings, Part III 14},
  pages={435--442},
  year={2016},
  organization={Springer}
}

@inproceedings{wang2017growing,
  title={Growing a brain: Fine-tuning by increasing model capacity},
  author={Wang, Yu-Xiong and Ramanan, Deva and Hebert, Martial},
  booktitle={Proceedings of the IEEE Conference on Computer Vision and Pattern Recognition},
  pages={2471--2480},
  year={2017}
}

@article{kandel2020deeply,
  title={How deeply to fine-tune a convolutional neural network: a case study using a histopathology dataset},
  author={Kandel, Ibrahem and Castelli, Mauro},
  journal={Applied Sciences},
  volume={10},
  number={10},
  pages={3359},
  year={2020},
  publisher={MDPI}
}

@article{rudin2022interpretable,
  title={Interpretable machine learning: Fundamental principles and 10 grand challenges},
  author={Rudin, Cynthia and Chen, Chaofan and Chen, Zhi and Huang, Haiyang and Semenova, Lesia and Zhong, Chudi},
  journal={Statistic Surveys},
  volume={16},
  pages={1--85},
  year={2022},
  publisher={The American Statistical Association, the Bernoulli Society, the Institute~…}
}

@inproceedings{yeche2019ubs,
  title={UBS: A dimension-agnostic metric for concept vector interpretability applied to radiomics},
  author={Yeche, Hugo and Harrison, Justin and Berthier, Tess},
  booktitle={Interpretability of Machine Intelligence in Medical Image Computing and Multimodal Learning for Clinical Decision Support: Second International Workshop, iMIMIC 2019, and 9th International Workshop, ML-CDS 2019, Held in Conjunction with MICCAI 2019, Shenzhen, China, October 17, 2019, Proceedings 9},
  pages={12--20},
  year={2019},
  organization={Springer}
}

@article{graziani2020concept,
  title={Concept attribution: Explaining CNN decisions to physicians},
  author={Graziani, Mara and Andrearczyk, Vincent and Marchand-Maillet, St{\'e}phane and M{\"u}ller, Henning},
  journal={Computers in biology and medicine},
  volume={123},
  pages={103865},
  year={2020},
  publisher={Elsevier}
}

@inproceedings{clough2019global,
  title={Global and local interpretability for cardiac MRI classification},
  author={Clough, James R and Oksuz, Ilkay and Puyol-Ant{\'o}n, Esther and Ruijsink, Bram and King, Andrew P and Schnabel, Julia A},
  booktitle={Medical Image Computing and Computer Assisted Intervention--MICCAI 2019: 22nd International Conference, Shenzhen, China, October 13--17, 2019, Proceedings, Part IV 22},
  pages={656--664},
  year={2019},
  organization={Springer}
}

@article{rajpurkar2017chexnet,
  title={Chexnet: Radiologist-level pneumonia detection on chest x-rays with deep learning},
  author={Rajpurkar, Pranav and Irvin, Jeremy and Zhu, Kaylie and Yang, Brandon and Mehta, Hershel and Duan, Tony and Ding, Daisy and Bagul, Aarti and Langlotz, Curtis and Shpanskaya, Katie and others},
  journal={arXiv preprint arXiv:1711.05225},
  year={2017}
}
